<?xml version="1.0" encoding="UTF-8"?><collection xmlns="http://www.loc.gov/MARC21/slim"><record><leader>00317nam--2200121-i-4500</leader><controlfield tag="001">000041982</controlfield><controlfield tag="002">20161230</controlfield><controlfield tag="005">20161230201043</controlfield><controlfield tag="008">060222s1000------------r-----000-0-eng-d</controlfield><datafield ind1=" " ind2=" " tag="100"><subfield code="a">S Mith,Morton C</subfield></datafield><datafield ind1=" " ind2=" " tag="245"><subfield code="a">Alloy series in physical m etallurgy</subfield></datafield><datafield ind1=" " ind2=" " tag="260"><subfield code="a">London, Constable And Co, 1956. Viii + 338 P</subfield></datafield><datafield ind1=" " ind2=" " tag="852"><subfield code="a">12342</subfield></datafield></record></collection>